<?xml version = "1.0" encoding = "UTF-8"?><OAI-PMH xmlns="http://www.openarchives.org/OAI/2.0/" xmlns:xsi="http://www.w3.org/2001/XMLSchema-instance" xsi:schemaLocation="http://www.openarchives.org/OAI/2.0/ http://www.openarchives.org/OAI/2.0/OAI-PMH.xsd"><ListRecords><record><header><identifier>aleph-publish:006488301</identifier></header><metadata><record xmlns="http://www.ddb.de/professionell/mabxml/mabxml-1.xsd"><leader>00860vM2.01200024------h</leader><controlfield tag="LDR">00860vM2.01200024------h</controlfield><controlfield tag="FMT">MH</controlfield><datafield tag="001" ind1="-" ind2="1"><subfield code="a">HT004330420</subfield></datafield><datafield tag="002" ind1="a" ind2="1"><subfield code="a">19921110</subfield></datafield><controlfield tag="030">a|1uc||||||17</controlfield><controlfield tag="050">a|||||||||||||</controlfield><controlfield tag="051">s|||||||</controlfield><datafield tag="070" ind1="-" ind2="1"><subfield code="a">292</subfield></datafield><datafield tag="080" ind1="-" ind2="1"><subfield code="a">60</subfield></datafield><datafield tag="100" ind1="-" ind2="1"><subfield code="p">Aselmeier, Ulrich</subfield><subfield code="9">(DE-588)108129330</subfield></datafield><datafield tag="104" ind1="a" ind2="1"><subfield code="p">Vogel, Günter</subfield><subfield code="9">(DE-588)104707070</subfield></datafield><datafield tag="105" ind1="-" ind2="1"><subfield code="p">Vogel, W.</subfield></datafield><datafield tag="105" ind1="-" ind2="1"><subfield code="p">Vogel, Gunther</subfield></datafield><datafield tag="331" ind1="-" ind2="1"><subfield code="a">Handlungshilfen zur Unterrichtsplanung</subfield></datafield><datafield tag="335" ind1="-" ind2="1"><subfield code="a">Grundlagen und Beispiele aus sach- und schülerorientierter Sicht</subfield></datafield><datafield tag="359" ind1="-" ind2="1"><subfield code="a">Ulrich Aselmeier ; Günter Vogel</subfield></datafield><datafield tag="410" ind1="-" ind2="1"><subfield code="a">Rheinfelden [u.a.]</subfield></datafield><datafield tag="412" ind1="-" ind2="1"><subfield code="a">Schäuble</subfield></datafield><datafield tag="425" ind1="a" ind2="1"><subfield code="a">1992</subfield></datafield><datafield tag="433" ind1="-" ind2="1"><subfield code="a">135 S. : graph. Darst.</subfield></datafield><datafield tag="451" ind1="-" ind2="1"><subfield code="a">Gesellschaft, Erziehung und Bildung : Beiträge zu einer neuen Lernkultur ; 6</subfield></datafield><datafield tag="453" ind1="-" ind2="1"><subfield code="a">HT003704070</subfield></datafield><datafield tag="455" ind1="-" ind2="1"><subfield code="a">6 = 23 [d. Gesamtw.]</subfield></datafield><datafield tag="456" ind1="-" ind2="1"><subfield code="a">6</subfield></datafield><datafield tag="461" ind1="-" ind2="1"><subfield code="a">Gesellschaft, Erziehung und Bildung ; 23</subfield></datafield><datafield tag="463" ind1="-" ind2="1"><subfield code="a">HT003575299</subfield></datafield><datafield tag="465" ind1="-" ind2="1"><subfield code="a">23 : Beiträge zu einer neuen Lernkultur ; 6</subfield></datafield><datafield tag="466" ind1="-" ind2="1"><subfield code="a">23</subfield></datafield><datafield tag="540" ind1="a" ind2="1"><subfield code="a">3-87718-583-5</subfield><subfield code="b">kart. : ca. DM 48.00 (freier Pr.)</subfield></datafield><datafield tag="700" ind1="l" ind2="1"><subfield code="a">120</subfield></datafield><datafield tag="902" ind1="-" ind2="1"><subfield code="s">Unterrichtsplanung</subfield><subfield code="9">(DE-588)4117301-6</subfield></datafield><datafield tag="902" ind1="-" ind2="1"><subfield code="s">Sekundarstufe</subfield><subfield code="9">(DE-588)4077347-4</subfield></datafield><datafield tag="903" ind1="-" ind2="1"><subfield code="a">21</subfield></datafield><controlfield tag="SYS">006488301</controlfield><datafield tag="LOW" ind1="-" ind2="1"><subfield code="a">C5001</subfield></datafield><datafield tag="LOW" ind1="-" ind2="1"><subfield code="a">U0001</subfield></datafield><datafield tag="LOW" ind1="-" ind2="1"><subfield code="a">R0001</subfield></datafield><datafield tag="LOW" ind1="-" ind2="1"><subfield code="a">B0001</subfield></datafield><datafield tag="LOW" ind1="-" ind2="1"><subfield code="a">L0001</subfield></datafield><datafield tag="LOW" ind1="-" ind2="1"><subfield code="a">M1054</subfield></datafield><datafield tag="LOW" ind1="-" ind2="1"><subfield code="a">M0001</subfield></datafield><datafield tag="952" ind1="-" ind2="1"><subfield code="s">Lehrplanung</subfield></datafield><datafield tag="952" ind1="-" ind2="1"><subfield code="s">Unterricht</subfield><subfield code="x">Planung</subfield></datafield><datafield tag="952" ind1="-" ind2="1"><subfield code="s">Secondary School</subfield></datafield><datafield tag="952" ind1="-" ind2="1"><subfield code="s">Sekundarbereich</subfield></datafield><datafield tag="952" ind1="-" ind2="1"><subfield code="s">Sekundarschule</subfield></datafield><datafield tag="952" ind1="-" ind2="1"><subfield code="s">Schuljahr 5-13</subfield></datafield><datafield tag="952" ind1="-" ind2="1"><subfield code="s">Schuljahr 5-12</subfield></datafield><datafield tag="088" ind1=" " ind2=" "><subfield code="a">Bi 10</subfield><subfield code="b">00078080</subfield><subfield code="c">IGX Asel</subfield><subfield code="e">ILL Ausleihe</subfield></datafield><datafield tag="088" ind1=" " ind2=" "><subfield code="a">290</subfield><subfield code="b">00000001</subfield><subfield code="c">Bg 14187</subfield><subfield code="e">ILL Ausleihe</subfield></datafield><datafield tag="088" ind1=" " ind2=" "><subfield code="a">290</subfield><subfield code="b">00012012</subfield><subfield code="c">PCA 430/67</subfield><subfield code="e">keine ILL</subfield></datafield><datafield tag="088" ind1=" " ind2=" "><subfield code="a">294</subfield><subfield code="b">00000014</subfield><subfield code="c">MVA7096</subfield><subfield code="e">ILL Ausleihe</subfield></datafield><datafield tag="088" ind1=" " ind2=" "><subfield code="a">51</subfield><subfield code="b">00000000</subfield><subfield code="c">IGX 112</subfield><subfield code="e">ILL Ausleihe</subfield></datafield><datafield tag="088" ind1=" " ind2=" "><subfield code="a">6</subfield><subfield code="b">00000040</subfield><subfield code="c">3D 90391</subfield><subfield code="e">ILL Ausleihe</subfield></datafield><datafield tag="088" ind1=" " ind2=" "><subfield code="a">6/123</subfield><subfield code="b">00004040</subfield><subfield code="c">ERZ XG2 9A</subfield><subfield code="e">ILL Ausleihe</subfield></datafield><datafield tag="088" ind1=" " ind2=" "><subfield code="a">929</subfield><subfield code="b">00000000</subfield><subfield code="c">94/3507</subfield><subfield code="e">ILL Ausleihe</subfield></datafield><datafield tag="088" ind1=" " ind2=" "><subfield code="a">708</subfield><subfield code="b">00</subfield><subfield code="c">IGX/ASE</subfield><subfield code="e">Normalausleihe</subfield></datafield><datafield tag="088" ind1=" " ind2=" "><subfield code="a">467</subfield><subfield code="b">63</subfield><subfield code="c">63TML2274</subfield><subfield code="e">Ausleihbar</subfield></datafield><datafield tag="088" ind1=" " ind2=" "><subfield code="a">467</subfield><subfield code="b">63</subfield><subfield code="c">63TML2274+1</subfield><subfield code="e">Ausleihbar</subfield></datafield><datafield tag="088" ind1=" " ind2=" "><subfield code="a">Kob 7</subfield><subfield code="b">FRHKO</subfield><subfield code="c">93/3202</subfield><subfield code="e">ausleihbar 4 Wo</subfield></datafield><datafield tag="088" ind1=" " ind2=" "><subfield code="a">Lan 1</subfield><subfield code="b">FRHLD</subfield><subfield code="c">gru 92-58</subfield><subfield code="e">ausleihbar 4 Wo</subfield></datafield><datafield tag="088" ind1=" " ind2=" "><subfield code="a">465</subfield><subfield code="b">E11</subfield><subfield code="c">IGX2455</subfield><subfield code="e">Ausleihbestand</subfield></datafield><datafield tag="088" ind1=" " ind2=" "><subfield code="a">464</subfield><subfield code="b">D01</subfield><subfield code="c">IGX2112_d</subfield><subfield code="e">Ausleihbestand</subfield></datafield><datafield tag="088" ind1=" " ind2=" "><subfield code="a">1116</subfield><subfield code="b">X0001</subfield><subfield code="c">Ndk ASE</subfield><subfield code="e">Monographie</subfield></datafield></record></metadata></record></ListRecords></OAI-PMH>